<record><leader>00000cas a22000007a 4500</leader><controlfield tag="001">10621197</controlfield><controlfield tag="008">840412c19839999mduwx ne      0   a0eng d</controlfield><datafield ind1=" " ind2=" " tag="010"><subfield code="a">sn 84009672 </subfield></datafield><datafield ind1=" " ind2=" " tag="040"><subfield code="a">NSD</subfield><subfield code="b">eng</subfield><subfield code="c">NSD</subfield><subfield code="d">MFN</subfield><subfield code="d">DLC</subfield><subfield code="d">OCL</subfield><subfield code="d">DLC</subfield><subfield code="d">OCLCQ</subfield><subfield code="d">LOY</subfield><subfield code="d">OCLCO</subfield><subfield code="d">OCLCF</subfield></datafield><datafield ind1=" " ind2=" " tag="012"><subfield code="k">1</subfield><subfield code="m">1</subfield></datafield><datafield ind1="1" ind2=" " tag="022"><subfield code="a">0747-1823</subfield><subfield code="l">0747-1823</subfield><subfield code="2">1</subfield></datafield><datafield ind1="1" ind2=" " tag="029"><subfield code="a">AU@</subfield><subfield code="b">000020433094</subfield></datafield><datafield ind1="1" ind2=" " tag="029"><subfield code="a">NZ1</subfield><subfield code="b">16073792</subfield></datafield><datafield ind1=" " ind2=" " tag="032"><subfield code="a">715910</subfield><subfield code="b">USPS</subfield></datafield><datafield ind1=" " ind2=" " tag="037"><subfield code="b">Baltimore Business Publications, Inc., 131 E. Redwood St., Baltimore, MD 21202</subfield></datafield><datafield ind1=" " ind2=" " tag="042"><subfield code="a">nsdp</subfield></datafield><datafield ind1=" " ind2="0" tag="222"><subfield code="a">Baltimore business journal</subfield></datafield><datafield ind1="0" ind2="0" tag="245"><subfield code="a">Baltimore business journal.</subfield></datafield><datafield ind1=" " ind2=" " tag="260"><subfield code="a">[Baltimore, Md.] :</subfield><subfield code="b">Baltimore Business Publications,</subfield></datafield><datafield ind1=" " ind2=" " tag="310"><subfield code="a">53 no. a year</subfield><subfield code="b">1986-</subfield></datafield><datafield ind1=" " ind2=" " tag="321"><subfield code="a">Weekly</subfield><subfield code="b">1983-1985</subfield></datafield><datafield ind1="0" ind2=" " tag="362"><subfield code="a">Vol. 1, no. 1 (June 20, 1983)-</subfield></datafield><datafield ind1=" " ind2=" " tag="530"><subfield code="a">Also available online.</subfield></datafield><datafield ind1=" " ind2="0" tag="650"><subfield code="a">Business enterprises</subfield><subfield code="z">Maryland</subfield><subfield code="z">Baltimore.</subfield></datafield><datafield ind1=" " ind2="0" tag="651"><subfield code="a">Baltimore (Md.)</subfield><subfield code="x">Commerce.</subfield></datafield><datafield ind1=" " ind2="7" tag="650"><subfield code="a">Business enterprises.</subfield><subfield code="2">fast</subfield><subfield code="0">(OCoLC)fst00842519</subfield></datafield><datafield ind1=" " ind2="7" tag="650"><subfield code="a">Commerce.</subfield><subfield code="2">fast</subfield><subfield code="0">(OCoLC)fst00869279</subfield></datafield><datafield ind1=" " ind2="7" tag="651"><subfield code="a">Maryland</subfield><subfield code="z">Baltimore.</subfield><subfield code="2">fast</subfield><subfield code="0">(OCoLC)fst01204292</subfield></datafield><datafield ind1="1" ind2=" " tag="776"><subfield code="t">Baltimore business journal (Online)</subfield><subfield code="w">(DLC)   98646976</subfield><subfield code="w">(OCoLC)40265737</subfield></datafield><datafield ind1=" " ind2=" " tag="752"><subfield code="a">United States</subfield><subfield code="b">Maryland</subfield><subfield code="d">Baltimore.</subfield></datafield><datafield ind1="4" ind2="1" tag="856"><subfield code="u">http://www.amcity.com/baltimore/</subfield></datafield><datafield ind1=" " ind2=" " tag="936"><subfield code="a">Jan. 6-12, 1986</subfield></datafield></record>